@Article{maurice:chemcam12,
  author = 	 {Maurice, S. and others},
  title = 	 {The {ChemCam} Instrument Suite on the {Mars Science Laboratory (MSL)} Rover: Science objectives and mast unit description},
  journal = 	 {Space Science Reviews},
  year = 	 {2012},
  volume = 	 {170},
  number = 	 {1},
  pages = 	 {95--166},
  note = 	 {doi:10.1007/s11214-012-9912-2},
}

@Book{mattmann:tika11,
  author = 	 {Mattmann, C. and Zitting, J.},
  title = 	 {Tika in Action},
  publisher = 	 {Manning Publications},
  year = 	 {2011},
  address = 	 {New York},
}

@TechReport{riloff:sundance04,
  author = 	 {Riloff, E. and Phillips, W.},
  title = 	 {An introduction to the {Sundance and AutoSlog} systems},
  institution =  {University of Utah School of Computing},
  year = 	 {2004},
  number = 	 {UUCS-04-015},
}

@InProceedings{ramakrishnan:bio10,
  author = 	 {Ramakrishnan, C. and Baumgartner Jr., W. and Blake, J. and Burns, G. and Cohen, K. B. and Drabkin, H. and Eppig, J. and Hovy, E. and Hsu, C. and Hunter, L. and Ingulfsen, T. and Onda, H. and Pokkunuri, S. and Riloff, E. and Roeder, C. and Verspoor, K.},
  title = 	 {Building the scientific knowledge mine ({SciKnowMine}): A community-driven framework for text mining tools in direct service to biocuration},
  booktitle = {Proceedings of the LREC-10 Workshop on New Challenges for NLP Frameworks},
  pages = 	 {9--14},
  year = 	 {2010},
}

@InProceedings{pokkunuri:bio11,
  author = 	 {Pokkunuri, S. and Ramakrishnan, C. and Riloff, E. and Hovy, E. and Burns, G.},
  title = 	 {The role of information extraction in the design of a document triage application for biocuration},
  booktitle = {Proceedings of the ACL/HLT-2011 Workshop on Biomedical Natural Language Processing},
  pages = 	 {46--55},
  year = 	 {2011},
}

@InProceedings{riloff:autoslog93,
  author = 	 {Riloff, Ellen},
  title = 	 {Automatically constructing a dictionary for information extraction tasks},
  booktitle = {Proceedings of the 11th National Conference on Artificial Intelligence},
  pages = 	 {811-816},
  year = 	 {1993},
}

@InProceedings{riloff:autoslog96,
  author = 	 {Riloff, Ellen},
  title = 	 {Automatically generating extraction patterns from untagged texts},
  booktitle = {Proceedings of the 13th National Conference on Artificial Intelligence},
  pages = 	 {1044-1049},
  volume = 2,
  year = 	 {1996},
}

@InProceedings{anderson:pads15,
  author = 	 {Robert C. Anderson and Luther Beegle and William Abbey},
  title = 	 {Drilling on {Mars}: What We Have Learned from the {Mars Science Laboratory Powder Acquisition Drill System (PADS)}},
  booktitle = {Proceedings of the 46th Lunar and Planetary Science Conference},
  pages = 	 {Abstract 2417},
  year = 	 {2015},
}

@InProceedings{johnson:ferric15,
  author = 	 {J.R. Johnson and R.C. Wiens and S. Maurice and D. Blaney and O. Gasnault and E. Cloutis and S. Le Mou\'{e}lic and S. Bender},
  title = 	 {ChemCam passive reflectance spectroscopy of ferric sulfates and ferric oxides near the base of {Mt. Sharp}},
  booktitle = {Proceedings of the 46th Lunar and Planetary Science Conference},
  pages = 	 {Abstract 1433},
  year = 	 {2015},
}

@InProceedings{rampe:cement15,
  author = 	 {Rampe, E. B. and others},
  title = 	 {Potential cement phases in sedimentary rocks drilled by {Curiosity} and {Gale Crater, Mars}},
  booktitle = {Proceedings of the 46th Lunar and Planetary Science Conference},
  pages = 	 {Abstract 2038},
  year = 	 {2015},
}

@InProceedings{sokolova:epistemic13,
  author = 	 {Marina Sokolova and Ilya Ioshikhes and Hamid Poursepanj and Alex MacKenzie},
  title = 	 {Helping parents to understand rare diseases},
  booktitle = {Proceedings of the Workshop on NLP for Medicine and Biology associated with RANLP 2013},
  pages = 	 {24--33},
  year = 	 {2013},
}

% Basilisk
%Thelen, M. and Riloff, E. (2002). “A bootstrapping method for learning semantic lexicons using extraction pattern contexts”, Proceedings of the 2002 Conference on Empirical Methods in Natural Language Processing.
%Phillips, W. and Riloff, E. (2007). “Exploiting role-identifying nouns and expressions for information extraction,” Proceedings of the 2007 Conference on Recent Advances in Natural Language Processing.
%Qadir, A. and Riloff, E. (2012). “Ensemble-based semantic lexicon induction for semantic tagging,” Proceedings of the First Joint Conference on Lexical and Computational Semantics.
